%%Branks

@article{birrer1999,
  title={Sustainability, democracy, and sociocybernetics},
  author={Birrer, Frans AJ},
  journal={Kybernetes},
  year={1999},
  publisher={MCB UP Ltd}
}

@misc{gnu1996,
title={What is free software?},
howpublished = {\url{https://www.gnu.org/philosophy/free-sw.html}},
note = {Acessado 18 de maio, 2020},
journal={The Free Software Definition},
publisher={GNU Project},
year=1996
}

%%Alex

@article{cerqueira2011,
  title={A economia do software livre {\`a} luz da teoria do aprisionamento tecnol{\'o}gico},
  author={Cerqueira, Lucas Santos},
  journal={Revista de Administra{\c{c}}{\~a}o e Contabilidade da FAT},
  volume={3},
  number={1},
  pages={4--18},
  year={2011}
}

@phdthesis{saleh2004,
  title={Ado{\c{c}}{\~a}o de tecnologia: Um estudo sobre o uso de software livre nas empresas},
  author={Saleh, Amir Mostafa},
  year={2004},
  school={Universidade de S{\~a}o Paulo}
}

@misc{serpro2008,
title={Empresas brasileiras preferem softwares livres},
howpublished = {\url{http://intra.serpro.gov.br/noticias/empresas-brasileiras-preferem-softwares-livres}},
note = "[Online; Acessado 16 de maio, 2020]",
year={2008},
author={Serpro},
}

@misc{devmedia2008,
title={Sobre o uso de Software Livre nas Micro e Pequenas Empresa no Brasil},
howpublished = {\url{https://www.devmedia.com.br/sobre-o-uso-de-software-livre-nas-micro-e-pequenas-empresa-no-brasil/10615}},
note = "[Online; Acessado 16 de maio, 2020]",
year={2008},
author={Daniel Fonseca Reis},
}

@misc{embrapa2020,
title={Software Livre},
howpublished = {\url{https://www.embrapa.br/informatica-agropecuaria/pesquisa-e-desenvolvimento/software-livre}},
note = "[Online; Acessado 16 de maio, 2020]",
year={2020},
author={Embrapa},
}

@misc{sebrae2020,
title={O que é software livre e quais as vantagens em usá-lo na sua empresa},
howpublished = {\url{https://www.sebrae.com.br/sites/PortalSebrae/artigos/o-que-e-software-livre-e-quais-as-vantagens-em-usa-lo-na-sua-empresa,2928d53342603410VgnVCM100000b272010aRCRD}},
note = "[Online; Acessado 16 de maio, 2020]",
year={2020},
author={Sebrae},
}

@misc{Gusman2002,
title={Vantagens da utilização deste programa para as empresas},
howpublished = {\url{https://www.acessa.com/negocios/arquivo/mercados/2002/10/15-software_livre/}},
note = "[Online; Acessado 16 de maio, 2020]",
year={2002},
author={Gusman, Ludmila},
}

@misc{bilich2002,
  title={das Gra{\c{c}}as Rolim; RIGUEIRA, Andr{\'e} di Lauro. Software livre versus software propriet{\'a}rio: an{\'a}lise multicrit{\'e}rio de apoio {\`a} decis{\~a}o},
  author={Bilich, M},
  year={2002},
  publisher={ENANPAD}
}
%%%%%%%%%%%%%%%%%
%%%%%%%%%%%%%%%%%

%%Yakuza
@article{lerner2002,
  title={Some simple economics of open source},
  author={Lerner, Josh and Tirole, Jean},
  journal={The journal of industrial economics},
  volume={50},
  number={2},
  pages={197--234},
  year={2002},
  publisher={Wiley Online Library}
}

@Misc{timmurphy2010,
howpublished = {\url{http://timmurphy.org/2009/07/22/line-spacing-in-latex-documents/}},
note = {Accessed April 4, 2010},
title = {Line Spacing in LaTeX documents},
year={2010},
author = {Murphy, Timothy I}
}

%Referências do Igor

@misc{onu2019, 
author = "{ONU}",
journal={ONU News},
year={2019},
month={Nov},
title="Estudo da ONU revela que mundo tem abismo digital de gênero",
howpublished ={\url{https://news.un.org/pt/story/2019/11/1693711}},
note = "[Online; acessado 17-May-2020]"
}

@misc{ibge2017,
author="{Azevedo, Ana Laura Moura dos Santos}", 
title="Uso de Internet, televisão e celular no Brasil",
journal={IBGE Educa Jovens},
year={2017},
howpublished = {\url{https://educa.ibge.gov.br/jovens/materias-especiais/20787-uso-de-internet-televisao-e-celular-no-brasil.html}},
note = "[Online; acessado 17-May-2020]"
}

@misc{anvisa,
author="{Anvisa}",
title= "Rotulagem Nutricional", 
howpublished = {\url{http://portal.anvisa.gov.br/resultado-de-busca?p_p_id=101&p_p_lifecycle=0&p_p_state=maximized&p_p_mode=view&p_p_col_id=column-1&p_p_col_count=1&_101_struts_action=\%2Fasset_publisher\%2Fview_content&_101_assetEntryId=417795&_101_type=content&_101_groupId=33916&_101_urlTitle=rotulagem-nutricional&inheritRedirect=true}}, 
note = "[Online; acessado 17-May-2020]"
}

@misc{wiki_prop_source2020,
author = "{Wikipedia}",
title = "List of proprietary source-available software --- {Wikipedia}{,} The Free Encyclopedia",
year = "2020",
howpublished = {\url{https://en.wikipedia.org/w/index.php?title=List_of_proprietary_source-available_software&oldid=945196119}},
note = "[Online; acessado 17-Maio-2020]"
}

@misc{osi2020, 
author = "{Open Source Initiative}",
title = "The Open Source Definition (Annotated)",
year = "2020",
howpublished = {\url{https://opensource.org/docs/definition.php}},
note = "[Online; acessado 17-Maio-2020]"
}

@book{Weber2005, 
place={Cambridge, Mass.}, 
title={The success of open source}, 
ISBN={9780674018587}, 
publisher={Harvard Univ. Press}, 
author={Weber, Steven}, 
year={2005} 
}

@misc{gnu_what_is_open_source, 
author = "Stallman, Richard",
title = "O que é o software livre?",
year = "1996",
howpublished = {\url{https://www.gnu.org/philosophy/free-sw.html}},
note = "[Online; acessado 17-Maio-2020]"
}

@misc{ wiki_usage_share,
author = "{Wikipedia}",
title = "Usage share of operating systems --- {Wikipedia}{,} The Free Encyclopedia",
year = "2020",
howpublished = "\url{https://en.wikipedia.org/w/index.php?title=Usage_share_of_operating_systems&oldid=956783892}",
note = "[Online; acessado 17-Maio-2020]"
}

@misc{ wiki_gnu,
author = "{Wikipedia}",
title = "GNU --- {Wikipedia}{,} The Free Encyclopedia",
year = "2020",
howpublished = "\url{https://pt.wikipedia.org/wiki/GNU}",
note = "[Online; acessado 18-Maio-2020]"
}

@misc{ Stallman_gnu2019,
author = "Stallman, Richard",
title = "O Projeto GNU",
year = "1998",
howpublished = "\url{https://www.gnu.org/gnu/thegnuproject.pt-br.html}",
note = "[Online; acessado 18-Maio-2020]"
}

@misc{ Stallman_manifesto2019,
author = "Stallman, Richard",
title = "O Manifesto GNU",
year = "1985",
howpublished = "\url{https://www.gnu.org/gnu/manifesto.pt-br.html}",
note = "[Online; acessado 18-Maio-2020]"
}

@misc{ Stallman_gnulinux2019,
author = "Stallman, Richard",
title = "Linux e o Sistema GNU",
year = "1997",
howpublished = "\url{https://www.gnu.org/gnu/linux-and-gnu.pt-br.html}",
note = "[Online; acessado 18-Maio-2020]"
}

@misc{ wiki_copyleft,
author = "{Wikipedia}",
title = "Copyleft --- {Wikipedia}{,} The Free Encyclopedia",
year = "2020",
howpublished = "\url{https://pt.wikipedia.org/wiki/Copyleft}",
note = "[Online; acessado 18-Maio-2020]"
}

@misc{ Brett2019,
author = "Smith, Brett",
title = "Um guia rápido para a GPLv3",
year = "2007",
howpublished = "\url{https://www.gnu.org/licenses/quick-guide-gplv3.html}",
note = "[Online; acessado 18-Maio-2020]"
}

@misc{mit_license, 
author = "{Open Source Initiative}",
title = "The MIT License",
howpublished = {\url{https://opensource.org/licenses/MIT}},
note = "[Online; acessado 18-Maio-2020]"
}

@misc{Apache_license, 
author = "{The Apache Software Foundation}",
title = "Apache License, Version 2.0",
year = "2019", 
howpublished = {\url{https://www.apache.org/licenses/LICENSE-2.0}},
note = "[Online; acessado 18-Maio-2020]"
}

@misc{bsd_license, 
author = "{Open Source Initiative}",
title = "The 3-Clause BSD License",
howpublished = {\url{https://opensource.org/licenses/BSD-3-Clause}},
note = "[Online; acessado 18-Maio-2020]"
}

@misc{os_trend, 
author = "{White Source}",
title = "Open Source Licenses in 2020: Trends and Predictions",
year = "2020",
month = "Janeiro",
day = "23",
howpublished = {\url{https://resources.whitesourcesoftware.com/blog-whitesource/top-open-source-licenses-trends-and-predictions}},
note = "[Online; acessado 18-Maio-2020]"
}

@misc{raconteur, 
author = "{Raconteur}",
title = "Open source technology, enabling innovation",
year = "2019",
month = "Outubro",
day = "17",
howpublished = {\url{https://www.raconteur.net/technology/open-source-technology}},
note = "[Online; acessado 18-Maio-2020]"
}

@misc{open_hardware, 
author = "{Open Source}",
title = "What is open hardware?",
year = "2019",
howpublished = {\url{https://opensource.com/resources/what-open-hardware}},
note = "[Online; acessado 18-Maio-2020]"
}

@book{Pollock_2018, 
place={London},
title={The open revolution},
ISBN={9781983033223}, 
publisher={A/E/T Press}, 
author={Pollock, Rufus},
year={2018}
}

%Referências da Cams

@article{torres2018software,
  title={Software livre como pol{\'\i}tica de preserva{\c{c}}{\~a}o da democracia brasileira},
  author={Torres, Aracele Lima},
  journal={Revista nuestrAm{\'e}rica},
  volume={6},
  number={12},
  pages={168--193},
  year={2018},
  publisher={Corriente nuestrAm{\'e}rica desde Abajo}
}

@article{evangelista2014movimento,
  title={O movimento software livre do Brasil. pol{\'\i}tica, trabalho e hacking},
  author={Evangelista, Rafael},
  journal={Horizontes antropol{\'o}gicos},
  number={41},
  pages={173--200},
  year={2014},
  publisher={Programa de P{\'o}s-Gradua{\c{c}}{\~a}o em Antropologia Social da Universidade Federal do~…}
}
@inproceedings{mendes2007licenciamento,
  title={Licenciamento de software livre na Embrapa.},
  author={MENDES, C{\'A}SSIA ISABEL COSTA and BUAINAIN, ANT{\^O}NIO M{\'A}RCIO},
  booktitle={Embrapa Inform{\'a}tica Agropecu{\'a}ria-Artigo em anais de congresso (ALICE)},
  year={2007},
  organization={In: CONGRESSO BRASILEIRO DE AGROINFORM{\'A}TICA, 6., 2007, S{\~a}o Pedro, SP. Anais~…}
}

@phdthesis{de2014evoluccao,
  title={Evolu{\c{c}}{\~a}o do Portal do Software P{\'u}blico Brasileiro},
  author={{LAPPIS, Media Lab}},
  year={2014},
  school={Universidade de Bras{\'\i}lia}
}
@inproceedings{yamaoka2013preservaccao,
  title={A Preserva{\c{c}}{\~a}o Digital de Documentos Governamentais: Um Problema de Interoperabilidade?},
  author={Yamaoka, Eloi J and Gauthier, Fernando Alvaro O},
  booktitle={VII Simposio Argentino de Inform{\'a}tica en el Estado (SIE)-JAIIO 42 (2013)},
  year={2013}
}

@article{silva2010cultura,
  title={Cultura Viva: avalia{\c{c}}{\~a}o do programa arte educa{\c{c}}{\~a}o e cidadania},
  author={Silva, Frederico A and Ara{\'u}jo, Herton Ellery Organizador},
  year={2010},
  publisher={Instituto de Pesquisa Econ{\^o}mica Aplicada (Ipea)}
}

@article{tiboni2014software,
  title={Software livre como pol{\'\i}tica de governo},
  author={Tiboni, Antonio Carlos},
  year={2014}
}
@article{peterle2005materializaccao,
  title={Materializa{\c{c}}{\~a}o do conceito de software p{\'u}blico: iniciativa CACIC},
  author={Peterle, ANDERSON and Castro, CAJ and Meffe, C and Bretas, NAZAR{\'E} LOPES and SANTOS, RS dos},
  journal={Inform{\'a}tica P{\'u}blica},
  volume={7},
  number={2},
  pages={19--28},
  year={2005}
}

@misc{g12014, 
author = "{G1 - Globo}",
title = "Uruguai adotará e-mail brasileiro criado contra espionagem dos EUA",
year = "2014",
month = "Fevereiro",
day = "13",
howpublished = {\url{http://g1.globo.com/tecnologia/noticia/2014/02/uruguai-adotara-e-mail-brasileiro-criado-contra-espionagem-dos-eua.html}},
note = "[Online; acessado 23-Maio-2020]"
}
