@book{Paulo, 
	title={A importância do ato de ler},
	author={Paulo Freire},
	year={1921},
	publisher={Editora Cortez}
}

@book{VHM, 
	title={O Filho de Mil Homens},
	author={Valter Hugo MÃe},
	year={2016},
	publisher={Biblioteca Azul}
}

@book{Is, 
	title={Os Robôs},
	author={Isaac Asimov},
	year={1974},
	publisher={Hemus}
}
