@article{mariano2001impactos,
  title={Impactos ambientais do refino de petr{\'o}leo},
  author={Mariano, Jacqueline Barboza},
  journal={Rio de Janeiro (RJ): Universidade Federal do Rio de Janeiro},
  year=2001
}
