 @misc{greene2019,
 title={Meet the Scientist Who Wrote the Laws of Motion},
 \howpublished={\url{https://www.thoughtco.com/kepler-theory-3072267}},
 journal={Explore Johannes Kepler's Laws of Motion},
 publisher={ThoughtCo.},
 author={Greene, Nick},
 year=2019,
 month={Jul}
 }

 @misc{ferrer2017,
 howpublished={\url{https://riocomcriancas.com.br/2017/06/07/planetario-orbita-shopping-metropolitano/}},
 journal={Planetário Órbita Shopping Metropolitano},
 publisher={Rio Com Crianças},
 author={Ferrer, Natália},
 year=2017,
 month={Jul}
 }
