@article{rosa2015estudo,
  title={Estudo comparativo de telhas produzidas a partir de embalagens multicamadas p{\'o}s-consumo},
  author={Rosa, Matheus Garcia},
  year={2015}
}
