@misc{combustible,
  title={Combustible composition for use in vehicle safety systems},
  author={Lemons, Kelly W and Baggett Jr, Albert J and Fahey, William D and Weinman, Lawrence},
  year={2000},
  month=oct # "~24",
  publisher={Google Patents},
  note={US Patent 6,136,111}
}