@article{martires2009,
  title={1. ALUM{\'I}NIO},
  author={M{\'a}rtires, Raimundo Augusto Corr{\^e}a},
  year=2009
}

@article{massara2004,
  title={PRODU{\c{C}}{\~A}O DE ALUM{\'I}NIO DO PONTO DE VISTA DO CONSUMO DE ENERGIA},
  author={Massara, Eng Doutoranda Vanessa Meloni},
  journal={Instituto de Eletrot{\'e}cnica e Energia Energia-Universidade de S{\~a}o Paulo},
  year=2004
}
