@article{lidsky2009anonymity,
  title={Anonymity in Cyberspace: What Can We Learn from John Doe},
  author={Lidsky, Lyrissa Barnett},
  journal={BCL Rev.},
  volume={50},
  pages={1373},
  year={2009},
  publisher={HeinOnline}
}
