 \begin{document}
 
  @book{do2016differential,
  title={Differential geometry of curves and surfaces: revised and updated second edition},
  author={Do Carmo, Manfredo P},
  year={2016},
  publisher={Courier Dover Publications}
}
\end{document}