@book{kerry2007industrial,
  title={Industrial gas handbook: gas separation and purification},
  author={Kerry, Frank G},
  year={2007},
  publisher={CRC press}
}