@article{jackson2009dna,
title={The DNA-damage response in human biology and disease},
author={Jackson, Stephen P and Bartek, Jiri},
journal={Nature},
volume={461},
number={7267},
pages={1071},
year={2009},
publisher={Nature Publishing Group}
}